@article{Aiba:2021bxe,
    author = "Aiba, M. and others",
    title = "{Science Case for the new High-Intensity Muon Beams HIMB at PSI}",
    eprint = "2111.05788",
    archivePrefix = "arXiv",
    primaryClass = "hep-ex",
    month = "11",
    year = "2021"
}

%%%%%%%%%%%%%%%%%%%%%%%%%%%%%%%%%%%%%%%%%%%%
%
%from here MuonEDM
%
@article{MuEDM:Semertzidis:2001,
    author = "Semertzidis, Yannis K. and others",
    editor = "Cantatore, G.",
    collaboration = "Muon EDM",
    title = "{A sensitive search for a muon electric dipole moment}",
    doi = "10.1063/1.1374993",
    journal = "AIP Conf. Proc.",
    volume = "564",
    number = "1",
    pages = "263--268",
    year = "2001"
}

@article{MuEDM:g-2:2008,
    author = "Bennett, G. W. and others",
    collaboration = "Muon (g-2)",
    title = "{An Improved Limit on the Muon Electric Dipole Moment}",
    eprint = "0811.1207",
    archivePrefix = "arXiv",
    primaryClass = "hep-ex",
    doi = "10.1103/PhysRevD.80.052008",
    journal = "Phys. Rev. D",
    volume = "80",
    pages = "052008",
    year = "2009"
}

@article{MuEDM:Adelmann:2010,
    author = "Adelmann, A. and Kirch, K. and Onderwater, C. J. G. and Schietinger, T.",
    title = "{Compact storage ring to search for the muon electric dipole moment}",
    doi = "10.1088/0954-3899/37/8/085001",
    journal = "J. Phys. G",
    volume = "37",
    pages = "085001",
    year = "2010"
}

@article{MuEDM:J-PARC:2011,
    author = "Iinuma, Hiromi",
    editor = "Stroher, Hans and Rathmann, Frank",
    collaboration = "J-PARC muon g-2/EDM",
    title = "{New approach to the muon g-2 and EDM experiment at J-PARC}",
    doi = "10.1088/1742-6596/295/1/012032",
    journal = "J. Phys. Conf. Ser.",
    volume = "295",
    pages = "012032",
    year = "2011"
}

@article{MuEDM:J-PARC:2016,
    author = "Iinuma, Hiromi and Nakayama, Hisayoshi and Oide, Katsunobu and Sasaki, Ken-ichi and Saito, Naohito and Mibe, Tsutomu and Abe, Mitsushi",
    title = "{Three-dimensional spiral injection scheme for the g-2/EDM experiment at J-PARC}",
    doi = "10.1016/j.nima.2016.05.126",
    journal = "Nucl. Instrum. Meth. A",
    volume = "832",
    pages = "51--62",
    year = "2016"
}

@article{MuEDM:PSI:2021,
    author = "Adelmann, A. and others",
    title = "{Search for a muon EDM using the frozen-spin technique}",
    eprint = "2102.08838",
    archivePrefix = "arXiv",
    primaryClass = "hep-ex",
    month = "2",
    year = "2021"
}

@inproceedings{MuEDM:PSI:Mikio:2022,
    author = "Sakurai, Mikio and others",
    title = "{muEDM: Towards a search for the muon electric dipole moment at PSI using the frozen-spin technique}",
    booktitle = "{24th International Symposium on Spin Physics}",
    eprint = "2201.06561",
    archivePrefix = "arXiv",
    primaryClass = "hep-ex",
    month = "1",
    year = "2022"
}

@article{MuEDM:PSI:Kim:2022,
    author = "Khaw, Kim Siang and others",
    collaboration = "muon EDM initiative",
    title = "{Search for the muon electric dipole moment using frozen-spin technique at PSI}",
    eprint = "2201.08729",
    archivePrefix = "arXiv",
    primaryClass = "hep-ex",
    doi = "10.22323/1.402.0136",
    journal = "PoS",
    volume = "NuFact2021",
    pages = "136",
    year = "2022"
}
