%%%%%%%%%%%%%%%%%%%%%%%%%%%%%%%%%%%%%%%%%%%%
%
%From here is X17
%
@article{X17:1996,
    author = "de Boer, F. W. N. and others",
    title = "{A deviation in internal pair conversion}",
    doi = "10.1016/S0370-2693(96)01311-1",
    journal = "Phys. Lett. B",
    volume = "388",
    pages = "235--240",
    year = "1996"
}

@article{X17:Krasznahorkay:2015,
    author = "Krasznahorkay, A. J. and others",
    editor = "Gozdz, Marek",
    title = "{Observation of Anomalous Internal Pair Creation in $^8$Be}",
    doi = "10.5506/APhysPolBSupp.8.597",
    journal = "Acta Phys. Polon. Supp.",
    volume = "8",
    number = "3",
    pages = "597",
    year = "2015"
}

@article{X17:Feng:2016,
    author = "Feng, Jonathan L. and Fornal, Bartosz and Galon, Iftah and Gardner, Susan and Smolinsky, Jordan and Tait, Tim M. P. and Tanedo, Philip",
    title = "{Particle physics models for the 17 MeV anomaly in beryllium nuclear decays}",
    eprint = "1608.03591",
    archivePrefix = "arXiv",
    primaryClass = "hep-ph",
    reportNumber = "UCI-TR-2016-12",
    doi = "10.1103/PhysRevD.95.035017",
    journal = "Phys. Rev. D",
    volume = "95",
    number = "3",
    pages = "035017",
    year = "2017"
}

@article{X17:Ellwanger:2016,
    author = "Ellwanger, Ulrich and Moretti, Stefano",
    title = "{Possible Explanation of the Electron Positron Anomaly at 17 MeV in $^8Be$ Transitions Through a Light Pseudoscalar}",
    eprint = "1609.01669",
    archivePrefix = "arXiv",
    primaryClass = "hep-ph",
    reportNumber = "LPT-ORSAY-16-54",
    doi = "10.1007/JHEP11(2016)039",
    journal = "JHEP",
    volume = "11",
    pages = "039",
    year = "2016"
}

@article{X17_Kozaczuk:2017,
    author = "Kozaczuk, Jonathan",
    title = "{Dark Photons from Nuclear Transitions}",
    eprint = "1708.06349",
    archivePrefix = "arXiv",
    primaryClass = "hep-ph",
    reportNumber = "ACFI-T17-19",
    doi = "10.1103/PhysRevD.97.015014",
    journal = "Phys. Rev. D",
    volume = "97",
    number = "1",
    pages = "015014",
    year = "2018"
}

@article{X17:Krasznahorkay:2017,
    author = "Krasznahorkay, A. J. and others",
    editor = "Foka, Y. and Brambilla, N. and Kovalenko, V.",
    title = "{New experimental results for the 17 MeV particle created in $^8Be$}",
    doi = "10.1051/epjconf/201713708010",
    journal = "EPJ Web Conf.",
    volume = "137",
    pages = "08010",
    year = "2017"
}

@article{X17:2019,
    author = "Krasznahorkay, A. J. and Csatl\'os, M. and Csige, L. and Firak, D. and Guly\'as, J. and Nagy, \'A. and Sas, N. and Tim\'ar, J. and Tornyi, T. G. and Krasznahorkay, A.",
    title = "{On the $X$(17) Light-particle Candidate Observed in Nuclear Transitions}",
    doi = "10.5506/APhysPolB.50.675",
    journal = "Acta Phys. Polon. B",
    volume = "50",
    number = "3",
    pages = "675",
    year = "2019"
}

@article{X17:2021,
    author = "Backens, Johannes and Vanderhaeghen, Marc",
    title = "{X17 discovery potential in the $\gamma N \rightarrow e^+ e^- N$ process at electron scattering facilities}",
    eprint = "2110.06055",
    archivePrefix = "arXiv",
    primaryClass = "hep-ph",
    month = "10",
    year = "2021"
}